@book{lutkepohl2005new,
  author    = {L{\"u}tkepohl, Helmut},
  title     = {New Introduction to Multiple Time Series Analysis},
  publisher = {Springer},
  year      = {2005},
  doi       = {10.1007/978-3-540-27752-1}
}

@book{box2016time,
  author    = {Box, George E. P. and Jenkins, Gwilym M. and Reinsel, Gregory C. and Ljung, Greta M.},
  title     = {Time Series Analysis: Forecasting and Control},
  edition   = {5},
  publisher = {Wiley},
  year      = {2016}
}

@article{granger1969investigating,
  author  = {Granger, Clive W. J.},
  title   = {Investigating Causal Relations by Econometric Models and Cross-Spectral Methods},
  journal = {Econometrica},
  volume  = {37},
  number  = {3},
  pages   = {424--438},
  year    = {1969},
  doi     = {10.2307/1912791}
}


@book{box2015time,
  title={Time Series Analysis: Forecasting and Control},
  author={Box, George E. P. and Jenkins, Gwilym M. and Reinsel, Gregory C. and Ljung, Greta M.},
  edition={5},
  year={2015},
  publisher={John Wiley \& Sons}
}

@book{hyndman2018forecasting,
  title={Forecasting: Principles and Practice},
  author={Hyndman, Rob J. and Athanasopoulos, George},
  year={2018},
  edition={2},
  publisher={OTexts},
  url={https://otexts.com/fpp2/}
}

@book{hamilton1994time,
  title={Time Series Analysis},
  author={Hamilton, James D.},
  year={1994},
  publisher={Princeton University Press}
}

@article{dickey1979distribution,
  title={Distribution of the estimators for autoregressive time series with a unit root},
  author={Dickey, David A. and Fuller, Wayne A.},
  journal={Journal of the American Statistical Association},
  volume={74},
  number={366},
  pages={427--431},
  year={1979}
}

@article{kwiatkowski1992testing,
  title={Testing the null hypothesis of stationarity against the alternative of a unit root: How sure are we that economic time series have a unit root?},
  author={Kwiatkowski, Denis and Phillips, Peter C. B. and Schmidt, Peter and Shin, Yongcheol},
  journal={Journal of Econometrics},
  volume={54},
  number={1-3},
  pages={159--178},
  year={1992}
}

@article{phillips1988testing,
  title={Testing for a unit root in time series regression},
  author={Phillips, Peter C. B. and Perron, Pierre},
  journal={Biometrika},
  volume={75},
  number={2},
  pages={335--346},
  year={1988}
}

@article{akaike1974new,
  title={A new look at the statistical model identification},
  author={Akaike, Hirotugu},
  journal={IEEE Transactions on Automatic Control},
  volume={19},
  number={6},
  pages={716--723},
  year={1974}
}

@article{schwarz1978estimating,
  title={Estimating the dimension of a model},
  author={Schwarz, Gideon},
  journal={Annals of Statistics},
  volume={6},
  number={2},
  pages={461--464},
  year={1978}
}

@book{armstrong2001principles,
  title={Principles of Forecasting: A Handbook for Researchers and Practitioners},
  author={Armstrong, J. Scott},
  year={2001},
  publisher={Springer}
}

@article{modarres2007streamflow,
  title={Streamflow time series forecasting of arid and semi-arid basins using SARIMA models},
  author={Modarres, Reza},
  journal={Journal of Hydrology},
  volume={333},
  number={1},
  pages={90--99},
  year={2007}
}

@article{alvisi2006short,
  title={Short-term urban water demand forecasting with SARIMA models},
  author={Alvisi, Stefano and Franchini, Marco and Marinelli, Annalisa},
  journal={Journal of Water Resources Planning and Management},
  volume={132},
  number={3},
  pages={129--137},
  year={2006}
}

@article{smyl2020hybrid,
  title={A hybrid method of exponential smoothing and recurrent neural networks for time series forecasting},
  author={Smyl, Slawek},
  journal={International Journal of Forecasting},
  volume={36},
  number={1},
  pages={75--85},
  year={2020}
}




@misc{bom_soi_2024,
  author       = {{Australian Bureau of Meteorology}},
  title        = {Southern Oscillation Index (SOI)},
  year         = {2024},
  howpublished = {\url{http://www.bom.gov.au/climate/enso/soi/}},
  note         = {Último acceso: 2025-06-05}
}

@article{tc2018snowcover,
  author  = {Saavedra, F. and Kampf, S. K. and Fassnacht, S. R. and Sibold, J.},
  title   = {Changes in snow persistence and vegetation cover along a latitudinal gradient in the Andes},
  journal = {The Cryosphere},
  volume  = {12},
  number  = {1},
  year    = {2018},
  doi     = {10.5194/tc-12-361-2018},
  url     = {https://doi.org/10.5194/tc-12-361-2018}
}
% páginas sugeridas: 361--378 (comentado fuera de la entrada)

@misc{NOAA_ONI,
  author = {{NOAA Climate Prediction Center}},
  title  = {Oceanic Niño Index (ONI)},
  url    = {https://origin.cpc.ncep.noaa.gov/products/analysis_monitoring/ensostuff/ONI_v5.php},
  year   = {2023},
  note   = {Accedido en junio de 2025}
}

@misc{BOM_SOI,
  author = {{Australian Bureau of Meteorology}},
  title  = {Southern Oscillation Index (SOI)},
  url    = {http://www.bom.gov.au/climate/enso/},
  year   = {2023},
  note   = {Accedido en junio de 2025}
}

@misc{NOAA_MEI,
  author = {{NOAA Physical Sciences Laboratory}},
  title  = {Multivariate ENSO Index (MEI v2)},
  url    = {https://psl.noaa.gov/enso/mei/},
  year   = {2023},
  note   = {Accedido en junio de 2025}
}

@misc{meiindex,
  author       = {{NOAA Physical Sciences Laboratory}},
  title        = {Multivariate ENSO Index Version 2 (MEI.v2)},
  year         = {2024},
  howpublished = {\url{https://psl.noaa.gov/enso/mei/}},
  note         = {Último acceso: 2025-05-23}
}

@misc{soi_bom,
  author       = {{Australian Bureau of Meteorology}},
  title        = {Southern Oscillation Index (SOI)},
  year         = {2024},
  howpublished = {\url{http://www.bom.gov.au/climate/enso/soi/}},
  note         = {Último acceso: 2025-06-01}
}

@misc{noaaONI,
  author       = {{NOAA Climate Prediction Center}},
  title        = {Oceanic Niño Index (ONI)},
  year         = {2024},
  howpublished = {\url{https://origin.cpc.ncep.noaa.gov/products/analysis_monitoring/ensostuff/ONI_v5.php}},
  note         = {Último acceso: 2025-06-01}
}

@article{wulder2019landsat,
  title     = {Current status of Landsat program, science, and applications},
  author    = {Wulder, Michael A. and Masek, Jeffrey G. and Cohen, Warren B. and Loveland, Thomas R. and Woodcock, Curtis E.},
  journal   = {Remote Sensing of Environment},
  volume    = {225},
  pages     = {127--147},
  year      = {2019},
  publisher = {Elsevier},
  doi       = {10.1016/j.rse.2019.02.015}
}

@article{trenberth1997definition,
  title     = {The definition of El Niño},
  author    = {Trenberth, Kevin E.},
  journal   = {Bulletin of the American Meteorological Society},
  volume    = {78},
  number    = {12},
  pages     = {2771--2777},
  year      = {1997},
  publisher = {American Meteorological Society}
}

@misc{nino34index,
  author       = {{NOAA Climate Prediction Center}},
  title        = {Oceanic Niño Index (ONI) - Niño 3.4 SST anomalies},
  year         = {2024},
  howpublished = {\url{https://origin.cpc.ncep.noaa.gov/products/analysis_monitoring/ensostuff/ONI_v5.php}},
  note         = {Último acceso: 2025-05-23}
}

@misc{soiindex,
  author       = {{Australian Bureau of Meteorology}},
  title        = {Southern Oscillation Index (SOI)},
  year         = {2024},
  howpublished = {\url{http://www.bom.gov.au/climate/enso/soi/}},
  note         = {Último acceso: 2025-05-23}
}

@article{tucker1979red,
  author  = {C. J. Tucker},
  title   = {Red and photographic infrared linear combinations for monitoring vegetation},
  journal = {Remote Sensing of Environment},
  volume  = {8},
  number  = {2},
  pages   = {127--150},
  year    = {1979}
}

@article{huete1988soil,
  author  = {A. R. Huete},
  title   = {A soil-adjusted vegetation index (SAVI)},
  journal = {Remote Sensing of Environment},
  volume  = {25},
  number  = {3},
  pages   = {295--309},
  year    = {1988}
}

@inproceedings{woebbecke1995color,
  title     = {Color indices for weed identification under various soil, residue, and lighting conditions},
  author    = {Woebbecke, D. M. and Meyer, G. E. and Von Bargen, K. and Mortensen, D. A.},
  booktitle = {Transactions of the ASAE},
  volume    = {38},
  number    = {1},
  pages     = {259--269},
  year      = {1995}
}

@article{gil2021indice,
  author  = {Gil, A. and López, J. and Martínez, J.},
  title   = {Índices espectrales aplicados a agricultura de precisión con sensores RGB y multiespectrales},
  journal = {Revista Agroindustria},
  year    = {2021},
  volume  = {14},
  pages   = {45--58}
}

@incollection{alonso2017salares,
  author    = {Alonso, Ricardo N.},
  title     = {Los salares de la Puna argentina y su recurso minero},
  booktitle = {Ciencias de la Tierra y Recursos Naturales del NOA. Relatorio del XX Congreso Geológico Argentino},
  year      = {2017},
  pages     = {1018--1038},
  publisher = {Asociación Geológica Argentina},
  address   = {San Miguel de Tucumán},
  url       = {https://www.researchgate.net/publication/342886312}
}

@mastersthesis{roldan2023ceia,
  author  = {Roldán, María Carina},
  title   = {Analítica de cultivos basada en imágenes aéreas de alta resolución},
  school  = {Universidad de Buenos Aires, Facultad de Ingeniería},
  type    = {Trabajo Final de la Especialización en Inteligencia Artificial},
  year    = {2023},
  address = {Buenos Aires, Argentina},
  note    = {LSE-FIUBA-Trabajo-Final-CEIA-Maria-Carina-Roldan-2023.pdf}
}

@mastersthesis{ferran2024ceia,
  author  = {Ferrán, Natanael Emir},
  title   = {Análisis de correspondencia entre imágenes satelitales y a nivel de suelo},
  school  = {Universidad de Buenos Aires, Facultad de Ingeniería},
  type    = {Trabajo Final de la Especialización en Inteligencia Artificial},
  year    = {2024},
  address = {Buenos Aires, Argentina},
  note    = {LSE-FIUBA-Trabajo-Final-CEIA-Natanael-Emir-Ferran-2024.pdf}
}

@mastersthesis{tentor2023ceiot,
  author  = {Tentor, Juan Francisco},
  title   = {Generación de mapas agronómicos integrando datos de sensores de suelo con imágenes satelitales},
  school  = {Universidad de Buenos Aires, Facultad de Ingeniería},
  type    = {Trabajo Final de la Especialización en Internet de las Cosas (CEIoT)},
  year    = {2023},
  address = {Buenos Aires, Argentina},
  note    = {LSE-FIUBA-Trabajo-Final-CEIoT-Juan-Francisco-Tentor-2023.pdf}
}

@article{saavedra2018changes,
  title   = {Changes in snow cover in the Andes (18°–40° S) derived from MODIS data (2000–2016)},
  author  = {Saavedra, F. A. and Kampf, S. K. and Fassnacht, S. R. and Sibold, J. and Tyler, S.},
  journal = {The Cryosphere},
  volume  = {12},
  number  = {3},
  year    = {2018},
  publisher = {Copernicus Publications}
}
% páginas sugeridas: 1027--1044 (comentado fuera de la entrada)

@article{delosrios2024lakes,
  title   = {Potential Effects of Climate Change in Saline Shallow Lakes in the North of Chile (Salar de Atacama, 23°S, Chile) and South Lipez of Bolivia (Khalina Lake, 22.61°S)},
  author  = {Delos Ríos-Escalante, Patricio and Acuña-Rodríguez, Carlos and Hauenstein, Erwin and others},
  journal = {Limnetica},
  year    = {2024},
  note    = {In press}
}

@book{lopezsteinmetz2024book,
  title     = {Book of Lithium: Acceso a la información pública y análisis de la cadena de valor en los salares altoandinos},
  author    = {L{\'o}pez Steinmetz, Romina L. and Olivero, C. and Aranibar, J. and Bacchiega, D. and Díaz, S.},
  year      = {2024},
  publisher = {Fundación Ambiente y Recursos Naturales (FARN)},
  address   = {Buenos Aires}
}

%%%%% Ejemplos / plantillas (dejados como estaban, con un pequeño fix de urldate)

@article{ARTICLE:1,
  author  = {John Doe},
  title   = {Title},
  journal = {Journal},
  year    = {2017}
}

@book{BOOK:1,
  author    = {John Doe},
  title     = {The Book without Title},
  publisher = {Dummy Publisher},
  year      = {2100}
}

@inbook{BOOK:2,
  author    = {John Doe},
  title     = {The Book without Title},
  publisher = {Dummy Publisher},
  year      = {2100},
  pages     = {100-200}
}

@misc{WEBSITE:1,
  howpublished = {\url{http://example.com}},
  author       = {Intel},
  title        = {Example Website},
  month        = {12},
  year         = {1988},
  urldate      = {2012-11-26}
}

@manual{dallas:ds18b20,
  organization = {Dallas Semiconductor},
  title        = {DS18B20 Programmable Resolution 1-Wire Digital Thermometer},
  number       = {050400},
  year         = {2015},
  note         = {Rev. 3}
}

@book{teton2003,
  title     = {Gu{\'\i}a t{\'e}cnica de la acuariofilia},
  author    = {Teton, J.},
  isbn      = {9788489840249},
  series    = {Gu{\'\i}as t{\'e}cnicas},
  url       = {https://books.google.com.ar/books?id=6vrjovWkQicC},
  year      = {2003},
  publisher = {Tursen S.A. - H. Blume}
}

@book{IEEE:citation,
  author   = {IEEE},
  title    = {IEEE Citation Reference},
  edition  = {1},
  url      = {http://www.ieee.org/documents/ieeecitationref.pdf},
  urldate  = {2016-09-26},
  publisher= {IEEE Publications},
  year     = {2016}
}

@misc{CIAA,
  author = {{Proyecto CIAA}},
  title  = {Computadora Industrial Abierta Argentina},
  url    = {http://proyecto-ciaa.com.ar/devwiki/doku.php?id=start},
  note   = {Visitado el 2016-06-25},
  year   = {2014}
}

@misc{lpcopen,
  author = {{NXP Semiconductors}},
  title  = {LPCOPEN v2.16 Drivers, Middleware and Examples},
  url    = {http://www.nxp.com/products/microcontrollers-and-processors/arm-processors/lpc-cortex-m-mcus/software-tools/lpcopen-libraries-and-examples:LPC-OPEN-LIBRARIES},
  note   = {Disponible: 2016-06-25}
}

@misc{contrib,
  author = {{Savannah}},
  title  = {lwIP - A Lightweight TCP/IP stack},
  url    = {http://git.savannah.gnu.org/cgit/lwip/lwip-contrib.git},
  note   = {Disponible: 2016-06-25}
}

@misc{webserver,
  author = {{Savannah}},
  title  = {lwIP - Wiki - Sample Web Server},
  url    = {http://lwip.wikia.com/wiki/Sample_Web_Server},
  note   = {Disponible: 2016-06-25}
}

@misc{sensor_pH,
  author = {dfRobot},
  title  = {PH meter(SKU: SEN0161)},
  url    = {http://www.dfrobot.com/wiki/index.php?title=PH_meter(SKU:_SEN0161)},
  note   = {Disponible: 2016-06-25}
}

@misc{rfc2616,
  series      = {Request for Comments},
  number      = {2616},
  howpublished= {RFC 2616},
  publisher   = {RFC Editor},
  doi         = {10.17487/rfc2616},
  url         = {https://rfc-editor.org/rfc/rfc2616.txt},
  author      = {Jeffrey Mogul and Larry M Masinter and Roy T. Fielding and Jim Gettys and Paul J. Leach and Tim Berners-Lee},
  title       = {{Hypertext Transfer Protocol -- HTTP/1.1}},
  pagetotal   = {176},
  year        = {2013},
  month       = {3},
  day         = {2},
  abstract    = {HTTP has been in use by the World-Wide Web global information initiative since 1990. This specification defines the protocol referred to as "HTTP/1.1", and is an update to RFC 2068. [STANDARDS-TRACK]}
}

@misc{rfc3875,
  series      = {Request for Comments},
  number      = {3875},
  howpublished= {RFC 3875},
  publisher   = {RFC Editor},
  doi         = {10.17487/rfc3875},
  url         = {https://rfc-editor.org/rfc/rfc3875.txt},
  author      = {David Robinson},
  title       = {{The Common Gateway Interface (CGI) Version 1.1}},
  pagetotal   = {36},
  year        = {2013},
  month       = {3},
  day         = {20},
  abstract    = {The Common Gateway Interface (CGI) is a simple interface for running external programs, software or gateways under an information server in a platform-independent manner. Currently, the supported information servers are HTTP servers.}
}

@misc{rfc7540,
  series      = {Request for Comments},
  number      = {7540},
  howpublished= {RFC 7540},
  publisher   = {RFC Editor},
  doi         = {10.17487/rfc7540},
  url         = {https://rfc-editor.org/rfc/rfc7540.txt},
  author      = {Mike Belshe and Roberto Peon and Martin Thomson},
  title       = {{Hypertext Transfer Protocol Version 2 (HTTP/2)}},
  pagetotal   = {96},
  year        = {2015},
  month       = {11},
  day         = {18},
  abstract    = {This specification describes an optimized expression of the semantics of the Hypertext Transfer Protocol (HTTP), referred to as HTTP version 2 (HTTP/2). HTTP/2 enables a more efficient use of network resources and a reduced perception of latency by introducing header field compression and allowing multiple concurrent exchanges on the same connection. It also introduces unsolicited push of representations from servers to clients.}
}
